% Encoding: UTF-8

@InCollection{Pimentel2020,
  author    = {Pimentel, M. and Filippo, D. and Santoro, F. M.},
  booktitle = {Metodologia de Pesquisa Científica em Informática na Educação: Concepção de Pesquisa},
  date      = {2020},
  title     = {Design Science Research: fazendo pesquisas científicas rigorosas atreladas ao desenvolvimento de artefatos computacionais projetados para a educação.},
  editor    = {Jaques, Patrícia Augustin and Pimentel, Mariano and Siqueira and Sean and Bittencourt, Ig},
  publisher = {SBC},
  series    = {Série Metodologia de Pesquisa em Informática na Educação},
  url       = {https://metodologia.ceie-br.org/livro-1},
  volumes   = {1},
  owner     = {Geraldo Xexéo},
}

@Comment{jabref-meta: databaseType:biblatex;}
