@techreport{keele2007guidelines,
  title={Guidelines for performing systematic literature reviews in software engineering},
  author={Keele, Staffs and others},
  year={2007},
  institution={Technical report, ver. 2.3 ebse technical report. ebse}
}

@article{moher2009preferred,
  title={Preferred reporting items for systematic reviews and meta-analyses: the PRISMA statement},
  author={Moher, David and Liberati, Alessandro and Tetzlaff, Jennifer and Altman, Douglas G},
  journal={Bmj},
  volume={339},
  year={2009},
  publisher={British Medical Journal Publishing Group}
}

@article{hevner2004design,
  author    = {Hevner, Alan R. and March, Salvatore T. and Park, Jinsoo and Ram, Sudha},
  title     = {Design Science in Information Systems Research},
  journal   = {MIS Quarterly},
  volume    = {28},
  number    = {1},
  pages     = {75--105},
  year      = {2004}
}

@article{peffers2007design,
  author    = {Peffers, Ken and Tuunanen, Tuure and Rothenberger, Marcus A. and Chatterjee, Samir},
  title     = {A Design Science Research Methodology for Information Systems Research},
  journal   = {Journal of Management Information Systems},
  volume    = {24},
  number    = {3},
  pages     = {45--77},
  year      = {2007}
}

@article{gregor2013positioning,
  author    = {Gregor, Shirley and Hevner, Alan R.},
  title     = {Positioning and Presenting Design Science Research for Maximum Impact},
  journal   = {MIS Quarterly},
  volume    = {37},
  number    = {2},
  pages     = {337--355},
  year      = {2013}
}

@article{march1995design,
  author    = {March, Salvatore T. and Smith, Gerald F.},
  title     = {Design and Natural Science Research on Information Technology},
  journal   = {Decision Support Systems},
  volume    = {15},
  number    = {4},
  pages     = {251--266},
  year      = {1995}
}

@book{glaser1967discovery,
  author    = {Glaser, Barney G. and Strauss, Anselm L.},
  title     = {The Discovery of Grounded Theory: Strategies for Qualitative Research},
  publisher = {Aldine},
  year      = {1967},
  address   = {Chicago}
}

@techreport{kitchenham2004procedures,
  author      = {Kitchenham, Barbara and Charters, Stuart and Brereton, Pearl and Budgen, David and Turner, Mark and Linkman, Sarah},
  title       = {Procedures for Performing Systematic Reviews},
  institution = {Keele University and National ICT Australia},
  year        = {2004},
  note        = {Technical Report EBSE-2004-01}
}


@incollection{pimentel2023,
    author = {Pimentel, Mariano and Filippo, Denise and Santos, Thiago Marcondes},
    title = {Pesquisa e Design de Artefatos no Contexto Educacional},
    booktitle = {Metodologias de Pesquisa Online: investigando em/na rede com o outro},
    editor ={Oswald, Maria Luiza Magalhães Bastos e Fernandes, Adriana Hoffmann and Silva, Dagmar de Mello and {Couto Junior}, Dilton Ribeiro and Ferreira, Helenice Mirabelli Cassino},
    publisher = {Ayvu},
address = {Rio de Janeiro},
    year = {2023}
}

@incollection{filippo2011metodologia,
  author    = {Filippo, Daniela and Pimentel, Mariano and Wainer, Jacques},
  title     = {Metodologia científica para a Pesquisa em Sistemas Colaborativos},
  booktitle = {34s - Seminário de Informática na Educação},
  editor    = {Pimentel, Mariana and Fuks, Hugo},
  publisher = {Sociedade Brasileira de Computação},
  year      = {2011},
  chapter   = {23},
  url       = {https://sistemascolaborativos.uniriotec.br/metodologia-de-pesquisa-cientifica-em-sistemas-colaborativos},
  urldate   = {2022-01-18},
  location  = {Porto Alegre}
}


@incollection{pimentel2019dsr,
  author    = {Pimentel, Mariana and Filippo, Daniela and Santoro, Flávia M.},
  title     = {Design Science Research: fazendo pesquisas científicas rigorosas atreladas ao desenvolvimento de artefatos computacionais projetados para a educação},
  booktitle = {Metodologia de Pesquisa em Informática na Educação: Concepção da Pesquisa},
  publisher = {Sociedade Brasileira de Computação},
  year      = {2019},
  location  = {Porto Alegre},
  language  = {portuguese}
}


@article{grant2009typology,
author = {Grant, Maria J. and Booth, Andrew},
title = {A typology of reviews: an analysis of 14 review types and associated methodologies},
journal = {Health Information \& Libraries Journal},
volume = {26},
number = {2},
pages = {91-108},
url = {https://onlinelibrary.wiley.com/doi/abs/10.1111/j.1471-1842.2009.00848.x},
year = {2009}
}



@incollection{Pimentel2019,
address = {Porto Alegre},
author = {Pimentel, Mariano and Filippo, Denise and Santoro, Flávia Maria},
booktitle = {Metodologia de Pesquisa em Inform{\'{a}}tica na Educa{\c{c}}{\~{a}}o: Concep{\c{c}}{\~{a}}o da Pesquisa},
chapter = {5},
edition = {v. 1},
editor = {Bittencourt, Ig  and Jaques, Patr{\'{i}}cia Augustin and Pimentel, Mariano and Siqueira, Sean},
publisher = {SBC},
title = {{Design Science Research: fazendo pesquisas cient{\'{i}}ficas rigorosas atreladas ao desenvolvimento de artefatos computacionais projetados para a educa{\c{c}}{\~{a}}o}},
url = {https://metodologia.ceie-br.org/livro-1/},
year = {2019}
}

@article{tang2020several,
  title={Several alternative term weighting methods for text representation and classification},
  author={Tang, Zhong and Li, Wenqiang and Li, Yan and Zhao, Wu and Li, Song},
  journal={Knowledge-Based Systems},
  volume={207},
  pages={106399},
  year={2020},
  publisher={Elsevier}
}

@article{Devlin2018,
author = {Devlin, Jacob and Chang, Ming-Wei and Lee, Kenton and Toutanova, Kristina},
eprint = {1810.04805},
journal = {Google AI Language},
title = {{BERT: Pre-training of Deep Bidirectional Transformers for Language Understanding}},
url = {https://arxiv.org/pdf/1810.04805.pdf},
year = {2018}
}



@book{Vapnik2000,
   booktitle =     {The Nature of Statistical Learning Theory},
   author =    {Vladimir N. Vapnik},
   publisher = {Springer},
   year =      {2000},
   series =    {Information Science and Statistics  },
   edition =   {2},
}

@book{Wazla2021,
title = {Metodologia de Pesquisa em Ciência da Computação},
author = {Raul Sidnei Wazlawick},
publisher = {GEN - LTC},
date  = {2021},
edition = 3,
location = {Rio de Janeiro}
}

@book{Booth2008,
booktitle = {The Craft of Research},
author = {Wayne C. Booth and Gregory G. Colomb and Joseph M. Williams},
publisher = {The University of Chicago Press},
date  = {2009}
}

@mastersthesis{Lage2008,
title = {Atribuição de Grau de Sigilo: Uma Abordagem de Categorização de Documentos},
author = {Carla Patricia Mello Lage},
date = {2008},
school  = {Programa de Engenharia de Sistemas e Computação - COPPE/UFRJ},
address = {Rio de Janeiro}
}

@mastersthesis{Menezes2009,
title = {Classificação de Texto para Melhoria no Atendimento de Help Desk},
author = {João Alquerés de Avellar Menezes},
date = {2009},
school  = {Programa de Engenharia de Sistemas e Computação - COPPE/UFRJ},
address = {Rio de Janeiro}
}

@book{Severino2017,
booktitle = {Metodologia do trabalho científico},
author = {Severino, Antônio Joaquim},
publisher = {Cortez},
date  = {2017},
edition = {24},
location = {São Paulo}
}

@book{Dresch2014,
address = {Porto Alegre, RS},
author = {Dresch, Aline and Lacerda, Daniel Pacheco and Antunes, Jos{\'{e}} Ant{\^{o}}nio Valle},
booktitle = {Computing Handbook, Third Edition: Information Systems and Information Technology},
doi = {10.1007/978-3-319-07374-3},
pages = {22--1--22--23},
publisher = {Springer},
title = {{Design Science Research}},
year = {2014}
}

@article{Hevner2004,
author = {Hevner, Alan R. and March, Salvatore T. and Park, Jinsoo and Ram, Sudha},
journal = {Mis Quarterly},
number = {1},
pages = {75--105},
title = {Design Science in Information Systems Research},
url = {http://37.17.178.70/xmlui/bitstream/handle/123456789/21387/7.pdf?sequence=1{\&}isAllowed=y},
volume = {28},
year = {2004}
}

@inproceedings{Wieringa2014,
  booktitle={Design Science Methodology for Information Systems and Software Engineering},
  author={Roel Wieringa},
  location={New York},
  year={2014},
  publisher = {Springer}
}

@mastersthesis{Ferreira2005,
title = {Estratégias de Paralelismo na Busca por Similaridades em Sequências de DNA e Proteínas Junto ao MPIBLAST},
author = {Yura Carvalho Ferreira },
date = {2009},
school  = {Programa de Engenharia de Sistemas e Computação - COPPE/UFRJ},
address = {Rio de Janeiro}
}

@mastersthesis{Augusto2019,
title = {Encaminhamento de Tickets que Exigem Formação de Grupos por Classificação de Texto},
author = {Jones Marques Augusto },
date = {2019},
school  = {Programa de Engenharia de Sistemas e Computação - COPPE/UFRJ},
address = {Rio de Janeiro}
}



@mastersthesis{Moraes2014,
title = {Um Método Baseado em Mineração de Dados para a Predição de Velocidades e Condições Extremas de Correntes Oceânicas},
author = {Katia Karinne de Oliveira Moraes },
date = {2014},
school  = {Programa de Engenharia de Sistemas e Computação - COPPE/UFRJ},
address = {Rio de Janeiro}
}

@mastersthesis{Neto2022,
title = {Autocodificadores Convolucionais Para Atenuação De
Ruídos Em Dados Sísmicos},
author = {Carlos Salvador Neto},
date = {2022},
school  = {Programa de Engenharia Civil - COPPE/UFRJ},
address = {Rio de Janeiro},
url = {http://www.coc.ufrj.br/pt/dissertacoes-de-mestrado/640-2022/9899-carlos-salvador-neto},
urldate = {2022-09-10}
}

@mastersthesis{Nunes2022,
title = {Distribuição Automática de Pedidos de Patentes Em Português},
author = {Nunes, Rafael de Sant'Anna Corrêa },
date = {2022},
school  = {Programa de Engenharia de Sistemas e Computação - COPPE/UFRJ},
address = {Rio de Janeiro},
}


@misc{COPPE2017,
title = {Regulamentação dos Cursos de Pós-Graduação, Instituto Alberto Luiz Coimbra de Pós-Graduação e Pesquisa de Engenharia
Universidade Federal do Rio de Janeiro
COPPE / UFRJ
},
author = {COPPE/UFRJ},
date = {2017},
url = {https://coppe.ufrj.br/sites/default/files/arquivo_cpgp/Alunos_a_partir_2017.1.pdf},
urldate = {2022-09-03}
}


@misc{UNIRIO2021,
title = {Regulamentação do Programa de Pós-Graduação em Informática},
author = {UNIRIO},
date = {2021},
url = {https://ppgi.uniriotec.br/wp-content/uploads/sites/41/2021/10/Regulamento_PPGI_2021.pdf},
urldate = {2022-09-10}
}

@misc{UNIRIO2020,
title = {Regimento Geral da Pós-Graduação Scricto Sensu da Universidade Federal do Estado do Rio de Janeiro - UNIRIO},
author = {UNIRIO},
date = {2020},
url = {https://ppgi.uniriotec.br/wp-content/uploads/sites/41/2021/03/Boletim-ndeg-20-de-30.10.20-Regim-Stricto-Sensu.pdf},
urldate = {2022-09-10}
}

@book{Medeiros2006,
title = { Redação Científica: A Prática de Fichamentos, Resumos, Resenhas},
author = {Medeiros, João Bosco},
date = {2006},
edition = {8},
publisher = {Atlas},
location = {São Paulo}
}

@book{Bunge1987,
title = {Epistemologia, Curso de Atualização},
author = {Mario Bunge},
date = {1987},
edition = {2},
series = {Biblioteca de Ciências Naturais},
volume = {4},
location = {São Paulo},
publisher = {EDUSP}
}

@book{Bunge2002,
title = {Epistemologia, Curso de Actualización},
author = {Mario Bunge},
date = {2002},
edition = {3},
publisher = {Siglo Veintiuno},
location = {Buenos Aires},
}

@book{Kuhn1970,
title = {The Structure of Scientific Revolutions},
author = {Kuhn, Thomas S.},
location = {Chicago},
publisher = {The University of Chicago Press},
edition = {2},
date = {1970}
}


@book{Kuhn1996,
title = {The Structure of Scientific Revolutions},
author = {Kuhn, Thomas S.},
location = {Chicago},
publisher = {The University of Chicago Press},
edition = {3},
date = {1996}
}



@book{Kuhn2018,
title = {A Estrutura das Revoluções Científicas},
author = {Kuhn, Thomas S.},
tranlator = {Paulo Aukar},
location = {Santa Maria},
publisher = {The University of Chicago Press},
note = {Tradução da 3ª Edição em inglês de 1996},
date = {2018}
}

@book{jurafsky2021,
title = {Speech and Language Processing},
author = {Daniel Jurafsky and James H. Martin},
date = {2021},
url = {https://web.stanford.edu/~jurafsky/slp3/},
urldate = {2022-09-11},
edition = {3},
note = {\textit{Draft} do autor}
}

@inproceedings{Ng2001,
 author = {Ng, Andrew and Jordan, Michael},
 booktitle = {Advances in Neural Information Processing Systems},
 editor = {T. Dietterich and S. Becker and Z. Ghahramani},
 pages = {},
 publisher = {MIT Press},
 title = {On Discriminative vs. Generative Classifiers: A comparison of logistic regression and naive Bayes},
 url = {https://proceedings.neurips.cc/paper/2001/file/7b7a53e239400a13bd6be6c91c4f6c4e-Paper.pdf},
 volume = {14},
 year = {2001}
}

@Report{omg2013bpmn,
  author       = {OMG},
  date         = {2013},
  institution  = {Object Management Group},
  title        = {Business Process Model and Notation (BPMN) Version 2.0.2},
  type         = {Standard},
  url          = {https://www.omg.org/spec/BPMN/2.0.2/PDF},
  organization = {Object Management Group},
  owner        = {Geraldo Xexéo},
  revision     = {2.0.2},
  timestamp    = {2021-06-29},
}

@Report{omg:uml:251,
  author      = {OMG},
  date        = {2017-12-05},
  institution = {Object Management Group},
  title       = {OMG\textregistered Unified Modeling Language\textregistered (OMG UML\textregistered)},
  type        = {specification},
  number      = {formal/2017-12-05},
  subtitle    = {version 2.5.1},
  day         = {5},
  owner       = {Geraldo Xexéo},
  publisher   = {Object Management Group, Inc.},
  timestamp   = {2021-06-29},
}


@www{ardc2022,
title = {Data provenance},
author =  {{ARDC}},
url = {https://ardc.edu.au/resources/working-with-data/data-provenance/},
urldate = {2022-09-21},
date ={2022}
}

@misc{Mabey2017,
title = {},
author = {Bem Mabey},
url = {https://provenance.readthedocs.io/en/latest/index.html},
urldate = {2022-09-26}
}

@book{freitas2001,
  author       = {Maria Ester de Freitas},
  title        = {Viva a tese! Um guia de sobrevivência},
  publisher    = {Editora FGV},
  location     = {Rio de Janeiro},
  date         = {2001},
  langid       = {portuguese}
}


@book{wazlawick2020,
  author       = {Raul Sidnei Wazlawick},
  title        = {Metodologia de pesquisa para ciência da computação},
  edition      = {3},
  publisher    = {Editora Campus},
  location     = {Rio de Janeiro},
  date         = {2020},
  langid       = {portuguese}
}

@techreport{abnt10520_2023,
  type     = {Norma Técnica},
  title    = {NBR 10520: Apresentação de citações em documentos},
  author   = {{ABNT}},
  date     = {2023},
  version  = {4},
  publisher = {Associação Brasileira de Normas Técnicas},
  location = {Rio de Janeiro},
  note     = {Norma Brasileira},
  language = {portuguese}
}

@incollection{bourdieu1986forms,
  author       = {Pierre Bourdieu},
  title        = {The Forms of Capital},
  booktitle    = {Handbook of Theory and Research for the Sociology of Education},
  editor       = {John G. Richardson},
  publisher    = {Greenwood},
  location     = {Westport, CT},
  year         = {1986},
  pages        = {241--258}
}


@online{fast2020zettelkasten,
  author   = {Fast, Sascha},
  title    = {Introduction to the Zettelkasten Method},
  date     = {2020-10-27},
  url      = {https://zettelkasten.de/introduction/},
  urldate  = {2025-07-13}
}

@online{obsidianGraphView,
  author   = {{Obsidian Help}},
  title    = {Graph view},
  url      = {https://help.obsidian.md/plugins/graph},
  urldate  = {2025-07-13}
}

@online{zettlrGuide,
  author   = {{Zettlr Documentation}},
  title    = {Getting Started Guide},
  url      = {https://docs.zettlr.com/en/},
  urldate  = {2025-07-13}
}

@book{bardin2011analise,
  author    = {Bardin, Laurence},
  title     = {Análise de conteúdo},
  year      = {2011},
  edition   = {Edição revista e ampliada},
  location  = {São Paulo},
  publisher = {Edições 70},
  origyear  = {1977},
  isbn      = {972-44-1506-6}
}
@book{creswell2021projeto,
  author       = {John W. Creswell and J. David Creswell},
  title        = {Projeto de pesquisa: Métodos qualitativo, quantitativo e misto},
  edition      = {5},
  year         = {2021},
  publisher    = {Penso},
  translator   = {Sandra Maria Mallmann da Rosa},
  editor       = {Dirceu da Silva},
  editorstype  = {technical},
  location     = {Porto Alegre},
  note         = {Revisão técnica: Dirceu da Silva. Mestre em Física e Doutor em Educação pela USP. Docente na Unicamp},
  langid       = {portuguese}
}

@book{woodwell2014,
title = {Research Foundations: how do we know what wee know?},
author = {Douglas Woodwell},
publisher = {Sage},
date = {2014},
year = {2014},
address = {Los Angeles}
}

@book{chalmers1999o,
  author    = {Alan F. Chalmers},
  title     = {O Que É Ciência, Afinal?},
  edition   = {3},
  publisher = {Editora Brasiliense},
  year      = {1999},
  location  = {São Paulo},
  note      = {Tradução de: \textit{What Is This Thing Called Science?}}
}

@book{feyerabend1975contra,
  author    = {Paul Feyerabend},
  title     = {Contra o Método},
  publisher = {Editora Unesp},
  year      = {2007},
  location  = {São Paulo},
  note      = {Original publicado em 1975 como \textit{Against Method}}
}

@book{kuhn1962estrutura,
  author    = {Thomas S. Kuhn},
  title     = {A Estrutura das Revoluções Científicas},
  publisher = {Perspectiva},
  year      = {2003},
  edition   = {3},
  location  = {São Paulo},
  note      = {Obra original publicada em 1962}
}

@book{collins1993golem,
  author    = {Harry Collins and Trevor Pinch},
  title     = {O Golem: O Que Você Deveria Saber Sobre a Ciência},
  publisher = {Editora Unesp},
  year      = {1998},
  location  = {São Paulo},
  note      = {Original publicado como \textit{The Golem: What Everyone Should Know About Science} (1993)}
}

@book{latour1999jamais,
  author    = {Bruno Latour},
  title     = {Jamais Fomos Modernos: Ensaio de Antropologia Simétrica},
  publisher = {Editora 34},
  year      = {1999},
  location  = {Rio de Janeiro},
  note      = {Traduzido de \textit{Nous N'avons Jamais Été Modernes} (1991)}
}

@book{davis1990sonho,
  author    = {Philip J. Davis and Reuben Hersh},
  title     = {O Sonho de Descartes: o Mundo de Acordo Com a Matemática},
  publisher = {Editora da Unicamp},
  year      = {1990},
  location  = {Campinas},
  note      = {Traduzido de \textit{Descartes' Dream: The World According to Mathematics} (1986)}
}

@book{latour1987science,
  author    = {Bruno Latour},
  title     = {Science in Action: How to Follow Scientists and Engineers through Society},
  publisher = {Harvard University Press},
  year      = {1987},
  location  = {Cambridge, MA}
}

@book{Popper1972,
  author    = {Popper, Karl R.},
  title     = {A Lógica da Pesquisa Científica},
  year      = {1972},
  publisher = {Cultrix},
  address   = {São Paulo},
  translator= {Leônidas Hegenberg and Hélio Leite de Morais},
  edition   = {1}, 
}